@ONLINE{python-popularity,
    title = {{The incredible growth of Python}},
    url = {https://stackoverflow.blog/2017/09/06/incredible-growth-python/?_ga=2.199625454.1908037254.1532442133-221121599.1532442133},
    urldate = {2020-02-29},
    date = {2017-09-06},
    author = "{David Robinson}",
}

@TECHREPORT{rust-loved,
    title = {{Stack Overflow Developer Survey 2019}},
    institution = "Stack Overflow",
    date = {2019},
    url = {https://insights.stackoverflow.com/survey/2019#most-loved-dreaded-and-wanted},
}

@ONLINE{rust-functional,
    title = {{Functional Language Features}},
    url = {https://doc.rust-lang.org/book/ch13-00-functional-features.html},
    author = {Steve Klabnik, Carol Nichols, Rust Community},
    date = {2018},
}

@ARTICLE{functional-controversy,
    title={{What is a purely functional language?}},
    volume={8},
    DOI={10.1017/S0956796897002943},
    number={1},
    journal={Journal of Functional Programming},
    publisher={Cambridge University Press},
    author={SABRY, AMR},
    year={1998},
    pages={1â€“22},
}

@ONLINE{haskell-quicksort,
    title={{Introduction - Haskell Wiki}},
    url = {https://wiki.haskell.org/index.php?title=Introduction&oldid=63206},
    urldate = {2020-03-01},
    date = {2020-02-29},
}

@ONLINE{golang-publish,
    title={{Google's Go: A New Programming Language That's Python Meets C++}},
    author = "{Jason Kincaid}",
    year={2009},
    month = {11},
    url = {https://techcrunch.com/2009/11/10/google-go-language/},
    institution = "TechCrunch",
    urldate = {2020-02-29},
}

@ONLINE{golang-slices,
    title = {{Go Slices: usage and internals}},
    author = "{Andrew Gerrand}",
    date = {2011-01-05},
    url = {https://blog.golang.org/go-slices-usage-and-internals},
    urldate = {2020-02-29},
}

@ONLINE{go-basetypes,
    title = {{The Go Programming Language Specification}},
    year = {2020},
    url = {https://golang.org/ref/spec#Boolean_types},
    month = {1},
    urldate = {2020-03-02},
}

@ONLINE{comparison-functional-languages,
    title = {{Comparison of functional programming languages}},
    urldate = {2020-03-04},
    date = {2020-02-07},
    url = {https://en.wikipedia.org/w/index.php?title=Comparison_of_functional_programming_languages&oldid=939648685},
}

@ONLINE{haskell-hard-one,
    title = {{Why is Haskell so hard to learn?}},
    urldate = {2020-03-04},
    url = {https://www.quora.com/Why-is-Haskell-so-hard-to-learn},
    date = {2017-06-29},
}

@ONLINE{haskell-hard-two,
    title = {{A lazy evaluation}},
    urldate = {2020-03-04},
    url = {http://connolly.io/posts/lazy-evaluation/},
    date = {2014-02-07},
    author = {Ian Connolly},
}

@ONLINE{haskell-hard-three,
    title = {{Haskell's steep learning curve}},
    urldate = {2020-03-04},
    url = {https://www.quora.com/How-much-of-Haskells-steep-learning-curve-is-related-to-the-number-of-terms-one-has-to-memorize?share=1},
    date = {2018-10-23},
}

@ONLINE{haskell-hard-four,
    title = {{The Haskell learning curve}},
    urldate = {2020-03-04},
    url = {https://wiki.haskell.org/index.php?title=Humor/LearningCurve&oldid=15543},
    date = {2007-09-12},
}

@ONLINE{slice-tricks,
    title = {{SliceTricks}},
    urldate = {2020-03-04},
    url = {https://github.com/golang/go/wiki/SliceTricks/a87dff31b0d8ae8f26902b0d2dbe7e4e77c7e6e3},
    date = {2020-01-15},
}

@ONLINE{haskell-list-funcs,
    title = {{How to work on lists}},
    urldate = {2020-03-04},
    url = {https://wiki.haskell.org/index.php?title=How_to_work_on_lists&oldid=63130},
    date = {2019-11-15},
}

@ONLINE{go-http-doc,
    title = {{http package - go.dev}},
    urldate = {2020-03-06},
    url = {https://pkg.go.dev/net/http@go1.14?tab=doc#example-HandleFunc},
    date = {2020-02-25},
}

@ONLINE{functional-options,
    title = {{Functional options for friendly APIs}},
    urldate = {2020-03-06},
    url = {https://dave.cheney.net/2014/10/17/functional-options-for-friendly-apis},
    author = {Dave Cheney},
    date = {2014-10-17},
}

@ONLINE{func-go-talk,
    title = {{Functional Go?}},
    date = {2015-12-11},
    organization = {Youtube},
    author = "{Francesc Campoy Flores}",
    url = {https://www.youtube.com/watch?v=ouyHp2nJl0I},
}

@ONLINE{go-tco,
    title = {{proposal: Go 2: add become statement to support tail calls}},
    date = {2017-11-07},
    organization = {Github},
    url = {https://github.com/golang/go/issues/22624},
    author = {Ian Lance Taylor},
    urldate = {2020-03-06},
}

@ONLINE{go-functional,
    title = {{go-functional/core}},
    organization = {Github},
    url = {https://github.com/go-functional/core/tree/700b20aec09da808a67cc29ae2c54ad64f842851},
    date = {2019-11-07},
    urldate = {2020-03-06},
}

@ONLINE{github-shellcheck,
    title = {{koalaman/shellcheck: ShellCheck, a static analysis tool for shell scripts}},
    date = 2020,
    organization = {Github},
    url = {https://github.com/koalaman/shellcheck/tree/68a03e05e5e030d7274c712ffa39768310e70f8a},
    urldate = {2020-03-12},
    date = {2020-03-08},
}

@ONLINE{github-pandoc,
    title = {{jgm/pandoc: Universal Markup Converter}},
    date = 2020,
    organization = {Github},
    url = {https://github.com/jgm/pandoc/tree/91f2bcfe73fa3a489654ee74bca02e24423dc5c0},
    urldate = {2020-03-12},
    date = {2020-03-10},
}

@ONLINE{github-postgrest,
    title = {{PostgREST/postgrest: REST API for any Postgres database}},
    date = 2020,
    organization = {Github},
    url = {https://github.com/PostgREST/postgrest/tree/dea57bd1bec9ba5c4e438de80b2017eee4a30a40},
    urldate = {2020-03-12},
    date = {2020-03-07},
}

@ONLINE{github-semantic,
    title = {{github/semantic: Parsing, analyzing, and comparing source code across many languages}},
    date = 2020,
    organization = {Github},
    url = {https://github.com/github/semantic/tree/124b45d36d7f81e45a9aa3aef588fd5e132fb6fd},
    urldate = {2020-03-12},
    date = {2020-03-11},
}

@ONLINE{github-purescript,
    title = {{purescript/purescript: A strongly-typed language that compiles to JavaScript}},
    date = 2020,
    organization = {Github},
    url = {https://github.com/purescript/purescript/tree/183fc22549011804d973e01654e354b728f2bc70},
    urldate = {2020-03-12},
    date = {2020-03-11},
}

@ONLINE{github-elmcompiler,
    title = {{elm/compiler: Compiler for Elm, a functional language for reliable webapps}},
    date = 2020,
    organization = {Github},
    url = {https://github.com/elm/compiler/tree/66c72f095e6da255bde8df6a913815a7dde25665},
    urldate = {2020-03-12},
    date = {2020-03-11},
}

@ONLINE{github-haxl,
    title = {{facebook/haxl: A Haskell library that simplifies access to remote data, such as databases or web-based services}},
    date = 2020,
    organization = {Github},
    url = {https://github.com/facebook/Haxl/tree/0009512345fbd95fe1c745414fffed6c63ccd1aa},
    urldate = {2020-03-12},
    date = {2020-03-03},
}

@ONLINE{git-repo,
    title = {{ruettram/bachelor}},
    date = 2020,
    organization = {ZHAW},
    url = {https://github.zhaw.ch/ruettram/bachelor},
    urldate = {2020-03-13},
}

@ONLINE{github-popular-haskell,
    title = {{Search - stars:>1000 language:Haskell}},
    date = 2020,
    organization = {Github},
    url = {https://github.com/search?l=&o=desc&q=stars%3A%3E1000+language%3AHaskell&s=stars&type=Repositories},
    urldate  = {2020-03-12},
}

@ONLINE{godoc,
    title = {{Godoc: documenting Go code}},
    date = {2011-03-31},
    author = {Andrew Gerrand},
    url = {https://blog.golang.org/godoc-documenting-go-code},
    urldate = {2020-03-13},
}

@ONLINE{godoc-builtin,
    title = {{builtin package - go.dev}},
    date = {2020-02-25},
    url = {https://pkg.go.dev/builtin@go1.14?tab=doc},
    urldate = {2020-03-13},
}

@ONLINE{builtin-impl,
    title = {{go/builtin.go at go1.14 - golang/go}},
    date = {2019-04-05},
    url = {https://github.com/golang/go/blob/go1.14/src/builtin/builtin.go},
    urldate = {2020-03-13},
}

@ONLINE{ast-node-dag,
    title = {{go/syntax.go at go1.14 - golang/go}},
    date = {2019-11-12},
    url = {https://github.com/golang/go/blob/go1.14/src/cmd/compile/internal/gc/syntax.go#L18},
    urldate = {2020-03-20},
}

@ONLINE{godoc-types,
    title = {{types package - go.dev}},
    date = {2019-10-17},
    url = {https://pkg.go.dev/github.com/golang/go@v0.0.0-20191017215157-9e6d3ca2794c/src/go/types?tab=doc},
    urldate = {2020-03-20},
}

@ONLINE{gopls,
    title = {{gopls documentation}},
    date = {2019-12-17},
    url = {https://github.com/golang/tools/blob/0b43622770f0bce9eb6c5d0539003ebbc68b9c70/gopls/README.md},
    urldate = {2020-03-20},
}

@ONLINE{ba-added-prepend,
    title = {{tommyknows/go at ba-added-prepend}},
    date = {2020-03-21},
    url = {https://github.com/tommyknows/go/tree/ba-added-prepend},
    urldate = {2020-03-21},
}

@ONLINE{ba-go-1-14,
    title = {{tommyknows/go at ba-go-1-14}},
    date = {2020-02-25},
    url = {https://github.com/tommyknows/go/tree/go1.14},
    urldate = {2020-03-21},
}

@ONLINE{internal-packages,
    title = {{Go 1.4 "Internal" Packages}},
    date = {2014-06},
    url = {https://docs.google.com/document/d/1e8kOo3r51b2BWtTs_1uADIA5djfXhPT36s6eHVRIvaU/edit},
    urldate = {2020-04-01},
}
