@misc{python-popularity,
    title = {{The incredible growth of Python}},
    howpublished = "\url{https://stackoverflow.blog/2017/09/06/incredible-growth-python/?_ga=2.199625454.1908037254.1532442133-221121599.1532442133}",
    author = "{David Robinson}",
}

@techreport{rust-loved,
    title = {{Stack Overflow Developer Survey 2019}},
    institution = "Stack Overflow",
    year = 2019,
    howpublished = "\url{https://insights.stackoverflow.com/survey/2019#most-loved-dreaded-and-wanted}",
}

@misc{rust-functional,
    title = {{Functional Language Features}},
    howpublished = "\url{https://doc.rust-lang.org/book/ch13-00-functional-features.html}",
    author = "{Rust Core Team}",
}

@article{functional-controversy,
    title={{What is a purely functional language?}},
    volume={8},
    DOI={10.1017/S0956796897002943},
    number={1},
    journal={Journal of Functional Programming},
    publisher={Cambridge University Press},
    author={SABRY, AMR},
    year={1998},
    pages={1â€“22},
}

@misc{haskell-quicksort,
    title={{Introduction - Haskell Wiki}},
    howpublished = "\url{https://wiki.haskell.org/Introduction}",
    note = "Accessed: 2020-02-29",
}

@misc{golang-publish,
    title={{Google's Go: A New Programming Language That's Python Meets C++}},
    author = "{Jason Kincaid}",
    year={2009},
    month={Nov. 10},
    howpublished = "\url{https://techcrunch.com/2009/11/10/google-go-language/}",
    institution = "TechCrunch",
    note = "Accessed: 2020-02-29",
}

@misc{golang-slices,
    title = {{Go Slices: usage and internals}},
    author = "{Andrew Gerrand}",
    year = {2011},
    howpublished = "\url{https://blog.golang.org/go-slices-usage-and-internals}",
    month = {Jan. 5},
    note = "Accessed: 2020-02-29",
}

@misc{go-basetypes,
    title = {{The Go Programming Language Specification}},
    year = {2020},
    howpublished = "\url{https://golang.org/ref/spec#Boolean_types}",
    month = {Jan. 14},
    note = "Accessed: 2020-03-02",
}

@misc{comparison-functional-languages,
    title = {{Comparison of functional progrramming languages}},
    note = "Accessed: 2020-03-04",
    howpublished = "\url{https://en.wikipedia.org/wiki/Comparison_of_functional_programming_languages}",
}

@misc{haskell-hard-one,
    title = {{Why is Haskell so hard to learn?}},
    note = "Accessed: 2020-03-04",
    howpublished = "\url{https://www.quora.com/Why-is-Haskell-so-hard-to-learn}",
}

@misc{haskell-hard-two,
    title = {{A lazy evaluation}},
    note = "Accessed: 2020-03-04",
    howpublished = "\url{http://connolly.io/posts/lazy-evaluation/}",
}

@misc{haskell-hard-three,
    title = {{Haskell's steep learning curve}},
    note = "Accessed: 2020-03-04",
    howpublished = "\url{https://www.quora.com/How-much-of-Haskells-steep-learning-curve-is-related-to-the-number-of-terms-one-has-to-memorize?share=1}",
}

@misc{haskell-hard-four,
    title = {{The Haskell learning curve}},
    note = "Accessed: 2020-03-04",
    howpublished = "\url{https://wiki.haskell.org/Humor/LearningCurve}",
}

@misc{slice-tricks,
    title = {{SliceTricks}},
    note = "Accessed: 2020-03-04",
    howpublished = "\url{https://github.com/golang/go/wiki/SliceTricks}",
}

@misc{haskell-list-funcs,
    title = {{How to work on lists}},
    note = "Accessed: 2020-03-04",
    howpublished = "\url{https://wiki.haskell.org/How_to_work_on_lists}",
}
